
@article{haixiangLearningClassimbalancedData2017a,
	title = {Learning from class-imbalanced data: Review of methods and applications},
	volume = {73},
	pages = {220--239},
	journaltitle = {Expert Systems with Applications},
	author = {Haixiang, G. and Yijing, Li and Shang, Jennifer and Mingyun, Gu and Yuanyue, Huang and Bing, Gong},
	date = {2017-05-01},
}


@inproceedings{niculescu-mizilPredictingGoodProbabilities2005,
	title = {Predicting good probabilities with supervised learning},
	pages = {625--632},
	booktitle = {Proceedings of the 22nd international conference on Machine learning  - {ICML} '05},
	date = {2005},
    author={Niculescu-Mizil,A. and Caruana, R.}
}